<?xml version="1.0" encoding="UTF-8"?><collection xmlns="http://www.loc.gov/MARC21/slim"><record><leader>00460nam--2200181-u-4500</leader><controlfield tag="001">000056619</controlfield><controlfield tag="002">20161230</controlfield><controlfield tag="005">20161230201052</controlfield><controlfield tag="008">160330s1000------------r-----000-0-eng-d</controlfield><datafield ind1=" " ind2=" " tag="040"><subfield code="a">IFIN-HH</subfield></datafield><datafield ind1=" " ind2=" " tag="080"><subfield code="a">53.081</subfield></datafield><datafield ind1="1" ind2=" " tag="100"><subfield code="a">Koskin, N.I</subfield></datafield><datafield ind1="1" ind2="0" tag="245"><subfield code="a">Spravocenik po elementarnoi fizike</subfield><subfield code="c">N.I. Koskin, M.G. Sirkevici</subfield></datafield><datafield ind1=" " ind2=" " tag="260"><subfield code="a">Moskva</subfield><subfield code="b">Nauka</subfield><subfield code="c">1974</subfield></datafield><datafield ind1=" " ind2=" " tag="300"><subfield code="a">254p</subfield></datafield><datafield ind1="1" ind2=" " tag="700"><subfield code="a">Sirkevici, M.G</subfield></datafield><datafield ind1=" " ind2=" " tag="852"><subfield code="a">42645</subfield><subfield code="c">53.081</subfield></datafield><datafield ind1=" " ind2=" " tag="CAT"><subfield code="a">Sys</subfield><subfield code="c">20160330</subfield><subfield code="h">125632</subfield></datafield></record></collection>